@article{lee1999learning,
  title={Learning the parts of objects by non-negative matrix factorization},
  author={Lee, Daniel D and Seung, H Sebastian},
  journal={Nature},
  volume={401},
  number={6755},
  pages={788--791},
  year={1999},
  publisher={Nature Publishing Group}
}

@phdthesis{ho2008nonnegative,
  title={Nonnegative matrix factorization algorithms and applications},
  author={Ho, Ngoc-Diep},
  year={2008},
  school={{\'E}COLE POLYTECHNIQUE}
}

@article{griffiths2004hierarchical,
  title={Hierarchical topic models and the nested chinese restaurant process},
  author={Griffiths, DMBTL and Tenenbaum, MIJJB},
  journal={Advances in neural information processing systems},
  volume={16},
  pages={17},
  year={2004},
  publisher={The MIT Press}
}	

@article{deepNonNeg,
	title={A Deep NonNegative Matrix Factorization},
	author={Flenner, Jennifer and Hunter, Blake}
}	

@article{fortunato2010community,
  title={Community detection in graphs},
  author={Fortunato, Santo},
  journal={Physics reports},
  volume={486},
  number={3},
  pages={75--174},
  year={2010},
  publisher={Elsevier}
}
@inproceedings{trigeorgis2014deep,
	title={A Deep Semi-NMF Model for Learning Hidden Representations.},
	author={Trigeorgis, George and Bousmalis, Konstantinos and Zafeiriou, Stefanos and Schuller, Bjoern},
	booktitle={ICML},
	pages={1692--1700},
	year={2014}
}

@article{lancichinetti2009detecting,
  title={Detecting the overlapping and hierarchical community structure in complex networks},
  author={Lancichinetti, Andrea and Fortunato, Santo and Kert{\'e}sz, J{\'a}nos},
  journal={New Journal of Physics},
  volume={11},
  number={3},
  pages={033015},
  year={2009},
  publisher={IOP Publishing}
}

@article{paatero1994positive,
  title={Positive matrix factorization: A non-negative factor model with optimal utilization of error estimates of data values},
  author={Paatero, Pentti and Tapper, Unto},
  journal={Environmetrics},
  volume={5},
  number={2},
  pages={111--126},
  year={1994},
  publisher={Wiley Online Library}
}

@article{lee2010semi,
  title={Semi-supervised nonnegative matrix factorization},
  author={Lee, Hyekyoung and Yoo, Jiho and Choi, Seungjin},
  journal={IEEE Signal Processing Letters},
  volume={17},
  number={1},
  pages={4--7},
  year={2010},
  publisher={IEEE}
}